@article{belot,
  title =	 {New work for counterpart theorists: {D}eterminism},
  author =	 {Belot, Gordon},
  journal =	 {The British journal for the philosophy of science},
  volume =	 46,
  number =	 2,
  pages =	 {185--195},
  year =	 1995,
  doi =		 {10.1093/bjps/46.2.185}
}

@article{regarding,
  title =	 {Regarding the `hole argument'},
  author =	 {JO Weatherall},
  journal =	 {The British journal for the philosophy of science},
  year =	 2018,
  doi =		 {10.1093/bjps/axw012},
  volume =	 69,
  pages =	 {329-350}
}

@article{bradley,
  title =	 {Mathematical responses to the hole argument: Then
                  and now},
  author =	 {C Bradley and JO Weatherall},
  journal =	 {Philosophy of Science},
  volume =	 89,
  number =	 5,
  pages =	 {1223--1232},
  year =	 2022,
  doi =		 {10.1017/psa.2022.58}
}

@incollection{pooley,
  title =	 {The hole argument},
  author =	 {Pooley, Oliver},
  booktitle =	 {The Routledge Companion to Philosophy of Physics},
  pages =	 {145--159},
  year =	 2021,
  publisher =	 {Routledge},
  doi =		 {10.4324/9781315623818}
}

@article{brighouse,
  title =	 {Determinism and modality},
  author =	 {Brighouse, Carolyn},
  journal =	 {The British journal for the philosophy of science},
  volume =	 48,
  number =	 4,
  pages =	 {465--481},
  year =	 1997,
  doi =		 {10.1093/bjps/48.4.465},
  publisher =	 {Oxford University Press}
}

@article{leitgeb,
  title =	 {Rudolf Carnap},
  author =	 {Hannes Leitgeb and Andr{\'e} Carus},
  journal =	 {Stanford Encyclopedia of Philosophy},
  year =	 2020,
  url =		 {https://plato.stanford.edu/entries/carnap}
}

@book{hodges,
  title =	 {Model Theory},
  author =	 {Hodges, Wilfrid},
  year =	 1993,
  publisher =	 {Cambridge University Press}
}

@article{coffey,
  title =	 {Theoretical equivalence as interpretative
                  equivalence},
  author =	 {Coffey, Kevin},
  journal =	 {The British journal for the philosophy of science},
  year =	 2014,
  volume =	 65,
  pages =	 {821-844},
  doi =		 {10.1093/bjps/axt034}
}

@book{sider,
  title =	 {The tools of metaphysics and the metaphysics of
                  science},
  author =	 {Sider, Theodore},
  year =	 2020,
  publisher =	 {Oxford University Press}
}

@article{russell,
  author =	 {Bertrand Russell},
  title =	 {Recent work on the principles of mathematics},
  journal =	 {The International Monthly},
  volume =	 4,
  year =	 1901,
  pages =	 {83-101}
}

@article{belot-do,
  title =	 {Determinism and ontology},
  author =	 {Belot, Gordon},
  journal =	 {International Studies in the Philosophy of Science},
  volume =	 9,
  number =	 1,
  pages =	 {85--101},
  year =	 1995,
  doi =		 {10.1080/02698599508573508}
}

@article{teitel,
  title =	 {Holes in spacetime: Some neglected essentials},
  author =	 {Trevor Teitel},
  journal =	 {Journal of Philosophy},
  year =	 2019,
  volume =	 116,
  pages =	 {353-389},
  doi =		 {10.5840/jphil2019116723}
}

@article{lewis-work,
  title =	 {New work for a theory of universals},
  author =	 {Lewis, David},
  journal =	 {Australasian journal of philosophy},
  volume =	 61,
  number =	 4,
  pages =	 {343--377},
  year =	 1983,
  doi =		 {10.1080/00048408312341131}
}

@article{morita,
  title =	 {Morita equivalence},
  author =	 {Barrett, TW and Halvorson, HP},
  journal =	 {The Review of Symbolic Logic},
  volume =	 9,
  number =	 3,
  pages =	 {556--582},
  year =	 2016,
  doi =		 {10.1017/S1755020316000186}
}

@book{suppes,
  title =	 {Representation and invariance of scientific
                  structures},
  author =	 {Suppes, Patrick},
  year =	 2002,
  publisher =	 {CSLI Publications}
}

@incollection{montague,
  author =	 {Richard Montague},
  title =	 {Deterministic theories},
  booktitle =	 {Decisions, Values and Groups},
  publisher =	 {Pergamon Press},
  pages =	 {325-370},
  year =	 1962
}

@book{lsl,
  author =	 {Rudolf Carnap},
  title =	 {Logical Syntax of Language},
  year =	 1937,
  publisher =	 {Routledge}
}

@article{smart-free,
  title =	 {Free-will, praise and blame},
  author =	 {Smart, J.J.C.},
  journal =	 {Mind},
  volume =	 70,
  number =	 279,
  pages =	 {291--306},
  year =	 1961,
  doi =		 {10.1093/mind/lxx.279.291}
}

@article{teitel-eq,
  title =	 {What theoretical equivalence could not be},
  author =	 {Teitel, Trevor},
  journal =	 {Philosophical Studies},
  volume =	 178,
  number =	 12,
  pages =	 {4119--4149},
  year =	 2021,
  doi =		 {10.1007/s11098-021-01639-8}
}

@article{close,
  title =	 {Closing the hole argument},
  author =	 {HP Halvorson and JB Manchak},
  year =	 2022,
  journal =	 {The British journal for the philosophy of science},
  doi =		 {10.1086/719193}
}

@article{melia,
  title =	 {Holes, haecceitism and two conceptions of
                  determinism},
  author =	 {Melia, Joseph},
  journal =	 {The British journal for the philosophy of science},
  volume =	 50,
  number =	 4,
  pages =	 {639--664},
  year =	 1999,
  publisher =	 {Oxford University Press},
  doi =		 {10.1093/bjps/50.4.639}
}

@book{hawking,
  title =	 {The large scale structure of space-time},
  author =	 {Hawking, Stephen W and Ellis, George FR},
  year =	 1973,
  publisher =	 {Cambridge University Press}
}

@article{landsman,
  title =	 {Reopening the hole argument},
  author =	 {Landsman, Klaas},
  year =	 2023,
  journal =	 {Philosophy of Physics},
  volume =	 1,
  pages =	 {1-24},
  doi =		 {10.31389/pop.12}
}

@unpublished{dewar2024,
  title =	 {The hole argument and determinism(s)},
  author =	 {Dewar, Neil},
  year =	 2024,
  url =		 {https://philsci-archive.pitt.edu/24432/},
  note =	 {Unpublished manuscript}
}

@unpublished{four-man,
  author =	 {TW Barrett and HP Halvorson and JB Manchak and JO
                  Weatherall},
  title =	 {Determinism and Asymmetry in General Relativity},
  note =	 {Unpublished manuscript},
  year =	 2025
}

@phdthesis{dewar2016,
  title =	 {Symmetries in physics, metaphysics, and logic},
  author =	 {Dewar, Neil},
  year =	 2016,
  school =	 {University of Oxford}
}

@incollection{jw,
  title =	 {Classical spacetime structure},
  author =	 {JO Weatherall},
  booktitle =	 {The Routledge Companion to Philosophy of Physics},
  pages =	 {33--45},
  year =	 2021,
  publisher =	 {Routledge}
}

@book{primer,
  title =	 {A primer on determinism},
  author =	 {Earman, John},
  year =	 1986,
  publisher =	 {Springer}
}

@book{earman,
  title =	 {World enough and spacetime},
  author =	 {John Earman},
  publisher =	 {The MIT Press},
  year =	 1989
}

@book{lps,
  title =	 {The logic in philosophy of science},
  author =	 {Halvorson, HP},
  year =	 2019,
  publisher =	 {Cambridge University Press}
}

@book{nagel1961,
  title =	 {The Structure of Science: Problems in the Logic of
                  Scientific Explanation},
  author =	 {Nagel, Ernest},
  year =	 {1961},
  publisher =	 {Harcourt, Brace, and World}
}

@article{cudek,
  title =	 {Counterparts, determinism, and the hole argument},
  author =	 {Cudek, Franciszek},
  journal =	 {The British journal for the philosophy of science},
  year =	 2024,
  doi =		 {10.1086/729767}
}

@book{smart1963,
  author =	 {J.J.C. Smart},
  title =	 {Between Philosophy and Science},
  year =	 1963,
  publisher =	 {Random House}
}

@unpublished{enayat,
  author =	 {Ali Enayat},
  title =	 {Interpretations and mathematical logic: a tutorial},
  note =	 {University of Gothenburg},
  url =		 {https://gup.ub.gu.se/file/167690},
  year =	 2015
}



@incollection{nagel1953,
  author =	 {Ernest Nagel},
  title =	 {The causal character of modern physical theory},
  pages =	 {419-437},
  editor =	 {H. Feigl and M. Brodbeck},
  year =	 1953,
  booktitle =	 {Readings in the Philosophy of Science},
  publisher =	 {Appleton-Century-Crofts}
}

@incollection{hawthorne,
  title =	 {Determinism De Re},
  author =	 {John Hawthorne},
  booktitle =	 {Metaphysical Essays},
  publisher =	 {Oxford University Press},
  pages =	 {239--243},
  year =	 2006
}

@article{butterfield,
  title =	 {The hole truth},
  author =	 {Butterfield, Jeremy},
  journal =	 {The British journal for the philosophy of science},
  volume =	 40,
  number =	 1,
  pages =	 {1--28},
  year =	 1989,
  doi =		 {10.1093/bjps/40.1.1}
}

@article{butt-ein,
  author =	 {Butterfield, Jeremy},
  journal =	 {PSA: Proceedings of the Biennial Meeting of the
                  Philosophy of Science Association},
  pages =	 {65--81},
  title =	 {Albert Einstein meets David Lewis},
  volume =	 1988,
  year =	 1988
}


@article{butt-sub,
  author =	 {Butterfield, Jeremy},
  doi =		 {10.1080/02698598708573300},
  journal =	 {International studies in the philosophy of science},
  number =	 1,
  pages =	 {10--32},
  publisher =	 {Taylor \& Francis},
  title =	 {Substantivalism and determinism},
  volume =	 2,
  year =	 1987
}
