@inproceedings{bohr-atomteori,
  author =	 {Niels Bohr},
  title =	 {Atomteori og naturbeskrivelse},
  booktitle =	 {Beretning om det 18. skandinaviske Naturforskermode
                  i KÃ¸benhavn 26.-31.  August 1929},
  publisher =	 {Frederiksberg Bogtrykkeri},
  address =	 {Copenhagen},
  year =	 1929,
  pages =	 {71-83}
}

@book{rosen,
  title =	 {The Idea of Hegel's `Science of Logic'},
  author =	 {Rosen, Stanley},
  year =	 2019,
  publisher =	 {University of Chicago Press}
}



@article{rutherford,
  title =	 {The Rutherford Memorial Lecture 1958},
  author =	 {Bohr, Niels},
  journal =	 {Proceedings of the Physical Society},
  volume =	 78,
  number =	 6,
  pages =	 1083,
  year =	 1961
}

@book{koch2016danske,
  title =	 {Den danske idealisme: 1800-1880},
  author =	 {Koch, Carl Henrik},
  year =	 2016,
  publisher =	 {Lindhardt og Ringhof}
}

@article{unity,
  author =	 {Niels Bohr},
  title =	 {The unity of human knowledge},
  journal =	 {Revue de la Fondation Europeenne de la Culture},
  year =	 1961,
  pages =	 {63-66}
}

@incollection{unity55,
  author =	 {Niels Bohr},
  title =	 {The unity of knowledge},
  editor =	 {ed. L. Leary},
  publisher =	 {Doubleday \& Co.},
  year =	 1955,
  pages =	 {47-62}
}

@incollection{religion54,
  author =	 {Niels Bohr},
  title =	 {Physical science and the study of religions},
  booktitle =	 {Studia Orientalia Ioanni Pedersen Septuagenario
                  A.D. VII id. Nov. Anno MCMLIII},
  publisher =	 {Ejnar Munksgaard},
  year =	 1953,
  pages =	 {385-390}
}

@book{hoffding1917,
  title =	 {Totalitet som kategori: en erkendelsesteoretisk
                  unders{\o}gelse},
  author =	 {H{\o}ffding, Harald},
  year =	 1917,
  publisher =	 {AF H{\o}st \& s{\o}n}
}

@book{favrholdt-background,
  author =	 {Favrholdt, David},
  title =	 {Niels Bohr's Philosophical Background},
  year =	 1992,
  publisher =	 {Munksgaard}
}

@book{brandes1889,
  author =	 {Georg Brandes},
  title =	 {Essays. Danske Personligheder},
  publisher =	 {Gyldendal},
  year =	 1889
}

@book{hoffding1909,
  title =	 {Danske filosofer},
  author =	 {H{\o}ffding, Harald},
  volume =	 108,
  year =	 1909,
  publisher =	 {Gyldendal}
}

@book{hoffding1910,
  title =	 {Den menneskelige tanke: dens former og dens opgaver},
  author =	 {H{\o}ffding, Harald},
  year =	 1910,
  publisher =	 {Gyldendal}
}

@book{favrholdt2015,
  title =	 {Filosoffen Niels Bohr},
  author =	 {Favrholdt, David},
  year =	 2015,
  publisher =	 {Informations Forlag}
}